%% PROJECT
@article{spanet_01,
  title={{SPANet: Generalized permutationless set assignment for particle physics using symmetry preserving attention}},
  author={{A. Shmakov et a.}},
	journal={SciPost Phys.},
	volume={12},
	number={5},
 	year={2022}
}
@article{spanet_02,
  title={Reconstruction of Unstable Heavy Particles Using Deep Symmetry-Preserving Attention Networks},
  author={{M. J.Fenton et al.}},
  journal={arXiv pre-print},
  year={2023}
}
@article{spanet_03,
  title={Permutationless many-jet event reconstruction with symmetry preserving attention networks},
  author={{M. J. Fenton et al.}},
  journal={Phys. Rev. D},
	volume={105},
	number={11},
 	year={2022}
}
@article{neutrino_weighting:adaptation,
  title={{Isolating semi-leptonic $H\rightarrow WW^*$ decays for Bell inequality tests}},
  author={{F. Fabbri, J. Howarth and T. Maurin}},
  journal={{Eur. Phys. J. C}},
  volume={84},
  number={1},
  year={2024}
}
@article{neutrino_weighting:original,
  title={Measurement of the Top Quark Mass Using Dilepton Events},
  author={{D\O Collaboration}},
  journal={Phys. Rev. Lett.},
  volume={80},
  number={10},
  year={1998}
}
@article{pdg,
  title={Review of Particle Physics},
  author={{Particle Data Group Collaboration, M. Tanabashi et al.}},
  journal={Prog. Theor. Phys.},
  volume={2022},
  number={8},
  year={2022}
}




%% THEORY
@article{theory:general_sm,
  title={The standard model of particle physics},
  author={{M. K. Gaillard et al.}},
  journal={Rev. Mod. Phys.},
  volume={71},
  number={2},
  year={1999}
}
@article{theory:quantum_fields,
  title={Quantum field theory},
  author={{F. Wilczek}},
  journal={Rev. Mod. Phys.},
  volume={71},
  number={2},
  year={1999}
}
@article{theory:lie_groups,
  title={Lie-group methods},
  author={{A. Iserles et al.}},
  journal={Acta Numer.},
  volume={9},
  number={1},
  year={2001}
}
@article{theory:gauge_fields,
  title={Gauge fields},
  author={{R. Mills}},
  journal={Am. J. Phys.},
  volume={57},
  number={6},
  year={1989},
}
@article{theory:qcd_01,
  title={Asymptotic freedom: An approach to strong interactions},
  author={{H. D. Politzer}},
  journal={Phys. Rept.},
  volume={14},
  number={4},
  year={1974}
}
@article{theory:qcd_02,
  title={Reliable perturbative results for strong interactions?},
  author={{H. D. Politzer}},
  journal={Phys. Rept. Lett.},
  volume={30},
  number={26},
  year={1973}
}
@article{theory:qcd_03,
  title={Asymptotically free gauge theories. I},
  author={{D. J. Gross and F. Wilczek}},
  journal={Phys. Rev. D},
  volume={8},
  number={10},
  year={1973}
}
@article{theory:qcd_04,
  title={Quantum chromodynamics},
  author={{W. Marciano and H. Pagels}},
  journal={Phys. Rept.},
  volume={36},
  number={3},
  year={1978}
}
@article{theory:qcd_05,
  title={The Eightfold Way: A Theory of strong interaction symmetry},
  author={{M. Gell-Mann}},
  journal={Am. J. Phys.},
  volume={33},
  number={8},
  year={1961}
}
@article{theory:qed_01,
  title={A Model of Leptons},
  author={{S. Weinberg}},
  journal={Phys. Rev. Lett.},
  volume={19},
  number={21},
  year={1967}
}
@article{theory:qed_02,
  title={Quantum electrodynamics. I. A covariant formulation},
  author={{J. Schwinger}},
  journal={Phys. Rev.},
  volume={74},
  number={10},
  year={1948}
}
@article{theory:qed_03,
  title={On quantum-electrodynamics and the magnetic moment of the electron},
  author={{J. Schwinger}},
  journal={Phys. Rev.},
  volume={73},
  number={4},
  year={1948}
}
@article{theory:qed_04,
  title={The quantum theory of the emission and absorption of radiation},
  author={{P. A. M. Dirac}},
  journal={Proc. Roy. Soc. Lond},
  volume={114},
  number={767},
  year={1927}
}
@article{theory:qed_05,
  title={Quantum theory of radiation},
  author={{E. Fermi}},
  journal={Rev. Mod. Phys.},
  volume={4},
  number={1},
  year={1932}
}
@article{theory:electroweak_01,
  title={Partial-symmetries of weak interactions},
  author={{S. L. Glashow}},
  journal={J. Phys. G.},
  volume={22},
  number={4},
  year={1961}
}
@article{theory:electroweak_02,
  title={Electromagnetic and weak interactions},
  author={{A. Salam and J. C. Ward}},
  journal={Phys. Lett.},
  volume={13},
  number={2},
  year={1964}
}
@article{theory:electroweak_03,
  title={Weak interactions with lepton-hadron symmetry},
  author={{S. L. Glashow, J. Iliopoulos and L. Maiani}},
  journal={Phys. Rev. D},
  volume={2},
  number={7},
  year={1970}
}
@article{theory:higgs_mechanism_01,
  title={Broken Symmetries and the Masses of Gauge Bosons},
  author={{P. W. Higgs}},
  journal={Phys. Rev. Lett.},
  volume={13},
  number={16},
  year={1964}
}
@article{theory:higgs_mechanism_02,
  title={Broken Symmetry and the Mass of Gauge Vector Mesons},
  author={{F. Englert and R. Brout}},
  journal={Phys. Rev. Lett.},
  volume={13},
  number={9},
  year={1964}
}
@article{theory:higgs_mechanism_03,
  title={Global Conservation Laws and Massless Particles},
  author={{G. S. Guralnik, C. R. Hagen and T. W. B. Kibble}},
  journal={Phys. Rev. Lett.},
  volume={13},
  number={20},
  year={1964}
}
@article{theory:spontaneous_symmetry_breaking,
  title={Spontaneous symmetry breaking and Nambu--Goldstone bosons in quantum many-body systems},
  author={{T. Brauner}},
  journal={Symmetry},
  volume={2},
  number={2},
  year={2010}
}
@article{theory:ckm_matrix_01,
  title={Unitary Symmetry and Leptonic Decays},
  author={{N. Cabibbo}},
  journal={Phys. Rev. Lett.},
  volume={10},
  number={12},
  year={1963}
}
@article{theory:ckm_matrix_02,
  title={CP Violation in the Renormalizable Theory of Weak Interaction},
  author={{M. Kobayashi and T. Maskawa}},
  journal={Prog. Theor. Phys.},
  volume={49},
  number={2},
  year={1973}
}
@article{theory:top_discovery_01,
  title={Observation of top quark production in $\bar{p}p$ collisions},
  author={{CDF Collaboration}},
  journal={Phys. Rev. Lett.},
  volume={74},
  number={14},
  year={1995}
}
@article{theory:top_discovery_02,
  title={Observation of the top quark},
  author={{D{\O} Collaboration}},
  journal={Phys. Rev. Lett.},
  volume={74},
  number={14},
  year={1995}
}
@article{theory:higgs_discovery_01,
  title={Observation of a new particle in the search for the Standard Model Higgs boson with the ATLAS detector at the LHC},
  author={{ATLAS Collaboration}},
  journal={Phys. Lett. B},
  volume={716},
  number={1},
  year={2012}
}
@article{theory:higgs_discovery_02,
  title={Observation of a New Boson at a Mass of 125 GeV with the CMS Experiment at the LHC},
  author={{CMS Collaboration}},
  journal={Phys. Lett. B},
  volume={716},
  number={1},
  year={2012}
}
@article{theory:why_tH_coupling,
  title={Why should we care about the top quark Yukawa coupling?},
  author={{F. Bezrukov and M. Shaposhnikov}},
  journal={J. Exp. Theor. Phys.},
  volume={120},
  year={2015}
}


%% BSM
@article{bsm_neutrino_oscillation_01,
  title={Direct Evidence for Neutrino Flavor Transformation from Neutral-Current Interactions in the Sudbury Neutrino Observatory},
  author={{SNO Collaboration}},
  journal={Phys. Rev. Lett.},
  volume={89},
  number={1},
  year={2002}
}
@article{bsm_neutrino_oscillation_02,
  title={Evidence for oscillation of atmospheric neutrinos},
  author={{Super-Kamiokande Collaboration}},
  journal={Rev. Mod. Phys.},
  volume={81},
  number={8},
  year={1998}
}
@article{bsm_neutrino_oscillation_03,
  title={Neutrino oscillations in matter},
  author={{T. Kuo and J. Pantaleone}},
  journal={Rev. Mod. Phys.},
  volume={61},
  number={4},
  year={1989}
}
@article{bsm_neutrino_oscillation_04,
  title={A review of the Homestake solar neutrino experiment},
  author={{R. Davis}},
  journal={Prog. Part. Nucl. Phys.},
  volume={32},
  number={4},
  year={1994}
}
@article{bsm_gravity_01,
  title={Graviton physics},
  author={{B.R. Holstein}},
  journal={Am. J. Phys.},
  volume={74},
  number={11},
  year={2006}
}
@article{bsm_gravity_02,
  title={String theory and gravity},
  author={{T. Damour and A.M. Polyakov}},
  journal={Gen. Relat. Gravit.},
  volume={26},
  year={1994}
}
@article{bsm_dark_matter_01,
  title={Existence and nature of dark matter in the universe},
  author={{V. Trimble}},
  journal={Annu. Rev. Astron. Astr.},
  volume={25},
  number={1},
  year={1987}
}
@article{bsm_dark_matter_02,
  title={Dark matter and particle physics},
  author={{M.E. Peskin}},
  journal={J. Phys. Soc. Jpn},
  volume={76},
  number={11},
  year={2007}
}
@article{bsm_dark_matter_03,
  title={Die Rotverschiebung von extragalaktischen Nebeln},
  author={{F. Zwicky}},
  journal={Helv. Phys. Acta},
  volume={6},
  year={1933}
}
@article{bsm_vacuum_energy,
  title={The cosmological constant problem},
  author={{S. Weinberg}},
  journal={Rev. Mod. Phys.},
  volume={61},
  number={1},
  year={1989}
}
@article{bsm_hierarchy,
  title={The hierarchy problem and new dimensions at a millimeter},
  author={{N. Arkani--Hamed, S. Dimopoulos and G. Dvali}},
  journal={Phys. Lett. B},
  volume={429},
  number={3-4},
  year={1998}
}
@article{bsm_supersymmetry,
  title={Supersymmetry},
  author={{P. Fayet and S. Ferrara}},
  journal={Phys. Rep.},
  volume={32},
  number={5},
  year={1977}
}
@article{bsm_mond,
  title={Modified gravity and cosmology},
  author={{T. Clifton et. al}},
  journal={Phys. Rep.},
  volume={513},
  number={1-3},
  year={2012}
}


%%% DETECTOR PHYSICS
@article{btag:atlas,
  title={Performance of $b$-Jet Identification in the ATLAS Experiment},
  author={{ATLAS Collaboration}},
  journal={J. Sci. Instrum.},
  volume={8},
  number={4},
  year={2016}
}
@article{btag:cms,
  title={Identification of b-Quark Jets with the CMS Experiment},
  author={{CMS Collaboration}},
  journal={J. Sci. Instrum.},
  volume={8},
  number={4},
  year={2013}
}
@article{btag:performance,
  title={ATLAS b-jet identification performance and efficiency measurement with $t{\bar{t}}$ events in pp collisions at $\sqrt{s}=13$ TeV},
  author={{ATLAS Collaboration}},
  journal={Eur. Phys. J. C},
  volume={79},
  number={11},
  year={2019}
}


%% EXPERIMENT
@article{lhc_01,
  title="{LHC Machine}",
  author={{L. Evans and P. Bryant}},
  journal={J. Sci. Instrum.},
  volume={3},
  number={8},
  year={2008}
}
@article{lhc_02,
  title={The Large Hadron Collider (LHC)},
  author={{L. R. Evans}},
  journal={New J. Phys.},
  volume={9},
  number={9},
  year={2007}
}
@article{atlas,
  title={The ATLAS experiment at the CERN large hadron collider},
  author={{ATLAS Collaboration}},
  journal={J. Sci. Instrum.},
  volume={3},
  number={8},
  year={2008}
}
@article{atlas:tech_design_report_01,
  title={ATLAS: Detector and physics performance technical design report. Volume 1},
  author={{ATLAS Collaboration}},
  journal={CERN-LHCC-99-14, ATLAS-TDR-14},
  year={1999}
}
@article{atlas:tech_design_report_02,
  title={ATLAS: Detector and physics performance technical design report. Volume 2},
  author={{ATLAS Collaboration}},
  journal={CERN-LHCC-99-15, ATLAS-TDR-15},
  year={1999}
}
@article{atlas:tech_design_report_inner_01,
  title={ATLAS inner detector: Technical design report. Vol. 1},
  author={{ATLAS Collaboration}},
  journal={CERN-LHCC-97-16, ATLAS-TDR-4},
  year={1997}
}
@article{atlas:tech_design_report_inner_02,
  title={ATLAS inner detector: Technical design report. Vol. 2},
  author={{ATLAS Collaboration}},
  journal={CERN-LHCC-97-16, ATLAS-TDR-4},
  year={1997}
}
@article{atlas:pixel_detector,
  title={Technical Design Report for the ATLAS Inner Tracker Pixel Detector},
  author={{ATLAS Collaboration}},
  journal={CERN-LHCC-2017-021, ATLAS-TDR-030},
  year={2017}
}
@article{atlas:strip_detector,
  title={Technical Design Report for the ATLAS Inner Tracker Strip Detector},
  author={{ATLAS Collaboration}},
  journal={CERN-LHCC-2017-005, ATLAS-TDR-025},
  year={2017}
}
@article{atlas:transition_detector,
  title={The ATLAS Transition Radiation Tracker (TRT) proportional drift tube: Design and performance},
  author={{ATLAS Collaboration}},
  journal={J. Sci. Instrum.},
  volume={3},
  number={2},
  year={2008}
}
@article{atlas:calorimeter,
  title={ATLAS Calorimeter: Run 2 performance and Phase-II upgrades},
  author={{ATLAS Collaboration}},
  journal={PoS Proc. Sci.},
  volume={314},
  number={11},
  year={2017}
}
@article{atlas:muon_chamber,
  title={ATLAS muon spectrometer: Technical design report},
  author={{ATLAS Collaboration}},
  journal={CERN-LHCC-97-22, ATLAS-TDR-10},
  year={1997}
}
@article{atlas:muon_chamber_upgrade,
  title={Technical Design Report for the Phase-II Upgrade of the ATLAS Muon Spectrometer},
  author={{ATLAS Collaboration}},
  journal={CERN-LHCC-2017-017, ATLAS-TDR-026},
  year={2022}
}
@article{atlas:new_small_wheel,
  title={New Small Wheel Technical Design Report},
  author={{ATLAS Collaboration}},
  journal={CERN-LHCC-2013-006, ATLAS-TDR-020},
  year={2013},
}
@article{atlas:trigger_lvl_high,
  title={ATLAS level-1 trigger: Technical Design Report},
  author={{ATLAS Collaboration}},
  journal={ATLAS-TDR-12, CERN-LHCC-98-014, CERN-LHCC-98-14, ATLAS-TDR-12},
  year={1998}
}
@article{atlas:trigger_lvl_1,
  title={ATLAS high-level trigger, data acquisition and controls: Technical design report},
  author={{ATLAS Collaboration}},
  journal={CERN-LHCC-2003-022, ATLAS-TRD-016},
  year={2003}
}


%% OTHER EXPERIMENTS
@article{other:cms,
  title={The CMS Experiment at the CERN LHC},
  author={{CMS Collaboration}},
  journal={J. Sci. Instrum.},
  volume={3},
  number={8},
  year={2008}
}
@article{other:alice,
  title={The ALICE experiment at the CERN LHC},
  author={{ALICE Collaboration}},
  journal={J. Sci. Instrum.},
  volume={3},
  number={8},
  year={2008}
}
@article{other:lhcb,
  title={The LHCb Detector at the LHC},
  author={{LHCb Collaboration}},
  journal={J. Sci. Instrum.},
  volume={3},
  number={8},
  year={2008}
}

%% RUN REPORTS
@article{lhc_run1,
  title={Operation and Configuration of the LHC in Run 1},
  author={{R. Alemany-Fernandez et. al}},
  year={2013},
  url={https://cds.cern.ch/record/1631030}
}
@article{lhc_run2,
  title={Operation and Configuration of the LHC in Run 2},
  author={{J. Wenninger}},
  year={2019},
  url={https://cds.cern.ch/record/2668326}
}
@article{lhc_run3,
  title={{LHC Configuration and Operational Scenario for Run 3}},
  author={S. Fartoukh et. al},
  year={2021},
  url={https://cds.cern.ch/record/2790409}
}


%% NEURAL NETWORKS
@article{nn:chi_squared,
  title={Clarification of the use of chi-square and likelihood functions in fits to histograms},
  author={{S. Baker and R. D. Cousins}},
  journal={Nucl. Instr. Meth. Phys. Res.},
  volume={221},
  number={2},
  year={1984}
}
@article{nn:kl_fitter,
  title={A likelihood-based reconstruction algorithm for top-quark pairs and the KLFitter framework},
  author={{J. Erdmann et al.}},
  journal={Nucl. Instr. Meth. Phys. Res. A},
  volume={748},
  number={6},
  year={2014}
}
@article{nn:perceptron,
	title={The perceptron: a probabilistic model for information storage and organization in the brain},
	author={{F. Rosenblatt}},
	journal={Psychol. Rev.},
	volume={65},
	number={6},
	year={1958}
}
@article{nn:node_calculation,
	title={Exploring strategies for training deep neural networks},
	author={{H. Larochelle et al.}},
	journal={J. Mach. Learn. Res.},
	volume={10},
	number={1},
	year={2009}
}
@article{nn:activation_function,
	title={Activation functions in neural networks},
	author={{S. Sharma, S. Sharma and A. Athaiya}},
	journal={Towards Data Science},
	volume={6},
	number={12},
	year={2017}
}
@article{nn:overfitting,
	title={A simple way to prevent neural networks from overfitting},
	author={{D. Nitish et al.}},
	journal={J. Mach. Learn. Res.},
	volume={15},
	number={1},
	year={2014}
}







@article{nn:application_01,
	title={Multi-column deep neural networks for image classification},
	author={{D. Ciregan et al.}},
	journal={IEEE Transactions on Neural networks},
	year={2012},
	publisher={IEEE}
}
@article{nn:application_02,
	title={Deep learning enables rapid identification of potent DDR1 kinase inhibitors},
	author={{A. Zhavoronkov et al.}},
	journal={Nat. Biotechnol.},
	volume={37},
	number={9},
	year={2019},
	publisher={Nature Publishing Group}
}
@article{nn:application_03,
	title={User-level psychological stress detection from social media using deep neural network},
	author={{H. Lin et al.}},
	journal={Journal of the ACM},
	publisher={Association for Computing Machinery},
	year={2014}
}







%% OLD
@article{nn_hist01,
	title={A logical calculus of the ideas immanent in nervous activity},
	author={{W. S. McCulloch and W. Pitts}},
	journal={The bulletin of mathematical biophysics},
	volume={5},
	number={4},
	year={1943},
	publisher={Springer}
}
@article{nn_parameters,
	title={Tuning of the structure and parameters of a neural network using an improved genetic algorithm},
	author={{F. H. Leung et al.}},
	journal={IEEE Transactions on Neural networks},
	volume={14},
	number={1},
	year={2003},
	publisher={IEEE}
}
@article{nn_nadamoptimiser,
	title={Incorporating nesterov momentum into adam},
	author={{T. Dozat}},
	year={2016},
	journal={ICLR}
}
@article{nn_keras,
	title={Deep learning with Keras},
	booktitle={Deep learning with Keras},
	author={{A. Gulli and S. Pal}},
	year={2017},
	journal={Packt Publishing Ltd.}
}
@article{nn_scikit-learn,
	title={Scikit-learn: Machine Learning in {P}ython},
	author={{F. Pedregosa et al.}},
	journal={J. Mach. Learn. Res.},
	volume={12},
	year={2011}
}
@article{nn_tensorflow,
	title = {TensorFlow Distributions},
	author = {{J. V. Dillon et al.}},
	year = 2017,
	eprint = {1711.10604},
}
@article{nn_kfolding,
	title={Estimation of prediction error by using K-fold cross-validation},
	author={{T. Fushiki}},
	journal={Stat. Comput.},
	volume={21},
	number={2},
	year={2011},
	publisher={Springer}
}
@article{nn_roccurve,
	title={ROC curve estimation: An overview},
	author={{Luzia Gon{\c{c}}alves et al.}},
	journal={REVSTAT},
	volume={12},
	number={1},
	year={2014}
}
@article{algorithm_transfod,
	title         = "{Search for the production of a Higgs boson in association	with top quarks and decaying into a b-quark pair and b-jet	identification with the ATLAS experiment at LHC}",
	author        = {{T. P. Calvet}},
	month         = "Dec",
	year          = "2017",
	url           = "https://cds.cern.ch/record/2296985",
}

@article{fitting_profilelikelihood01,
	title = "{Maximum Likelihood, Profile Likelihood, and Penalized Likelihood: A Primer}",
	author = {{S. R. Cole, H. Chu and S. Greenland}},
	journal = {Am. J. Epidemiol.},
	year = {2013},
}
@article{fitting_pullplots,
	title={Study of constraint and impact of a nuisance parameter in maximum likelihood method},
	author={{Li-Gang Xia}},
	journal={J. Phys. G},
	year={2019},
}


%%%%%%
%%  Uncertainties

@article{uncertainty_luminosity01,
	title = "{Improved luminosity determination in pp collisions at $\sqrt{s}$~=~7\,TeV using the ATLAS detector at the LHC}",
	author = {{ATLAS Collaboration}},
	primaryClass = "hep-ex",
	reportNumber = "CERN-PH-EP-2013-026",
	doi = "10.1140/epjc/s10052-013-2518-3",
	journal = "Eur. Phys. J. C",
	volume = "73",
	number = "8",
	year = "2013"
}
@article{uncertainty_luminosity02,
	title={The new LUCID-2 detector for luminosity measurement and monitoring in ATLAS},
	author={{G. Avoni et al.}},
	doi = "10.1088/1748-0221/13/07/P07017",
	journal = "JINST",
	volume = "13",
	number = "07",
	year = "2018"
}
@article{uncertainty_pileup,
	title = "{Pile-up subtraction and suppression for jets in ATLAS}",
	author = {{ATLAS Collaboration}},
	journal = "ATLAS-CONF-2013-083",
	month = "8",
	year = "2013",
}
@article{uncertainty_lepton01,
	title = "{Electron and photon performance measurements with the ATLAS detector using the 2015\textendash{}2017 LHC proton-proton collision data}",
	author = {{ATLAS Collaboration}},
	reportNumber = "CERN-EP-2019-145",
	doi = "10.1088/1748-0221/14/12/P12006",
	journal = "JINST",
	volume = "14",
	number = "12",
	year = "2019"
}
@article{uncertainty_lepton02,
	title = "{Muon reconstruction and identification efficiency in ATLAS using the full Run 2 $pp$ collision data set at $\sqrt{s}=13$ TeV}",
	author = {{ATLAS Collaboration}},
	reportNumber = "CERN-EP-2020-199",
	doi = "10.1140/epjc/s10052-021-09233-2",
	journal = "Eur. Phys. J. C",
	volume = "81",
	number = "7",
	year = "2021"
}
@article{uncertainty_jet01,
	title = {Jet energy scale and resolution measured in proton-proton collisions at $\sqrt{s}=13$ TeV with the ATLAS detector},
	author = {{ATLAS Collaboration}},
	reportNumber = "CERN-EP-2020-083",
	doi = "10.1140/epjc/s10052-021-09402-3",
	journal = "Eur. Phys. J. C",
	volume = "81",
	number = "8",
	year = "2021"
}
@article{uncertainty_tagging_b,
	title = {ATLAS b-jet identification performance and efficiency measurement with $t\bar{t}$ events in pp collisions at $\sqrt{s}=13$ TeV},
	author = {{ATLAS Collaboration}},
	reportNumber = "CERN-EP-2019-132",
	doi = "10.1140/epjc/s10052-019-7450-8",
	journal = "Eur. Phys. J. C",
	volume = "79",
	number = "11",
	year = "2019"
}
@article{uncertainty_tagging_c,
	title={Measurement of b-tagging efficiency of c-jets in $t\bar{t}$ events using a likelihood approach with the ATLAS detector},
	author = {{ATLAS Collaboration}},
	journal = "ATLAS-CONF-2018-001",
	month = "3",
	year = "2018",
}
@article{uncertainty_tagging_light,
	title = "{Calibration of light-flavour $b$-jet mistagging rates using ATLAS proton-proton collision data at	$\sqrt{s}=13$\,TeV}",
	author = {{ATLAS Collaboration}},
	journal = "ATLAS-CONF-2018-006",
	month = "4",
	year = "2018",
}
@article{uncertainty_missingenergy,
	title={Performance of missing transverse momentum reconstruction with the ATLAS detector using proton-proton collisions at $\sqrt{s}$ = 13 TeV},
	author={{ATLAS Collaboration}},
	reportNumber = "CERN-EP-2017-274",
	doi = "10.1140/epjc/s10052-018-6288-9",
	journal = "Eur. Phys. J. C",
	volume = "78",
	number = "11",
	year = "2018"
}

@article{uncertainty_pdf,
	title = "{PDF4LHC recommendations for Run II}",
	author = {{J. Rojo}},
	journal = "PoS",
	year = "2016"
}
@article{uncertainty_ttZ01,
	title={ATLAS Pythia 8 tunes to 7 TeV data},
	author={{A. Buckley}},
	year={2014},
	journal={ATL-PHYS-PUB-2014-021}
}
@article{uncertainty_herwig,
	title={Herwig 7.0/Herwig++ 3.0 release note},
	author={{J. Bellm et al.}},
	journal={Eur. Phys. J. C},
	volume={76},
	number={4},
	year={2016},
	publisher={Springer}
}
@article{uncertainty_ttZ02,
	title={The automated computation of tree-level and next-to-leading order differential cross sections, and their matching to parton shower simulations},
	author={{J. Alwall et al.}},
	journal={JHEP},
	volume={2014},
	number={7},
	year={2014},
	publisher={Springer}
}
@article{uncertainty_tWZ01,
	title={tWH associated production at the LHC},
	author={{F. Demartin et al.}},
	journal={Eur. Phys. J. C},
	volume={77},
	number={1},
	year={2017},
	publisher={Springer}
}
@article{uncertainty_tZq01,
	title = "{Observation of the associated production of a top quark and a $Z$ boson in $pp$ collisions at $\sqrt{s} = 13$ TeV with the ATLAS detector}",
	author = {{ATLAS Collaboration}},
	reportNumber = "CERN-EP-2019-273",
	doi = "10.1007/JHEP07(2020)124",
	journal = {JHEP},
	volume = "07",
	year = "2020"
}
@article{uncertainty_tZq02,
	title={Measurement of the production cross-section of a single top quark in association with a Z boson in proton--proton collisions at 13 TeV with the ATLAS detector},
	author = {{ATLAS Collaboration}},
	journal={Phys. Lett. B},
	volume={780},
	year={2018},
	publisher={Elsevier}
}
@article{uncertainty_tZq03,
	title={Measurement of the associated production of a single top quark and a Z boson in pp collisions at $\sqrt{s}$= 13 TeV},
	author = {{CMS Collaboration}},
	journal={Phys. Lett. B},
	volume={779},
	year={2018},
	publisher={Elsevier}
}
@article{uncertainty_ttH01,
	title={Handbook of LHC Higgs cross sections: 4. Deciphering the nature of the Higgs sector},
	author={{LHC Collaboration}},
	year={2016},
	publisher={CERN}
}